@online{pvarizona,
  title = {Solar Photovoltaic (PV) System Components},
  author = {The University of Arizona, College of AgriCulture And life sciences},
  year = {2018},
  url = {https://extension.arizona.edu/sites/extension.arizona.edu/files/pubs/az1742-2018.pdf}
}
@software{openmeteo,
author = {Zippenfenig, Patrick},
doi = {10.5281/zenodo.7970649},
license = {CC-BY-4.0},
title = {{Open-Meteo.com Weather API}},
url = {https://github.com/open-meteo/open-meteo}
}
@article{mlp,
author = {Popescu, Marius-Constantin and Balas, Valentina and Perescu-Popescu, Liliana and Mastorakis, Nikos},
year = {2009},
month = {07},
pages = {},
title = {Multilayer perceptron and neural networks},
volume = {8},
journal = {WSEAS Transactions on Circuits and Systems}
}
@article{rnn,
  author       = {Robin M. Schmidt},
  title        = {Recurrent Neural Networks (RNNs): {A} gentle Introduction and Overview},
  journal      = {CoRR},
  volume       = {abs/1912.05911},
  year         = {2019},
  url          = {http://arxiv.org/abs/1912.05911},
  eprinttype    = {arXiv},
  eprint       = {1912.05911},
  timestamp    = {Thu, 02 Jan 2020 18:08:18 +0100},
  biburl       = {https://dblp.org/rec/journals/corr/abs-1912-05911.bib},
  bibsource    = {dblp computer science bibliography, https://dblp.org}
}
@misc{gru2,
      title={Learning Phrase Representations using RNN Encoder-Decoder for Statistical Machine Translation}, 
      author={Kyunghyun Cho and Bart van Merrienboer and Caglar Gulcehre and Dzmitry Bahdanau and Fethi Bougares and Holger Schwenk and Yoshua Bengio},
      year={2014},
      eprint={1406.1078},
      archivePrefix={arXiv},
      primaryClass={cs.CL}
}
@online{gru1,
  title = {Gated Recurrent Units – Understanding the Fundamentals},
  author = {datascience.eu},
  year = {2022},
  url = {https://datascience.eu/machine-learning/gated-recurrent-units-understanding-the-fundamentals/}
}
@online{solargis,
  title = {Solar irradiance data | Solargis},
  author = {solargis.com},
  url = {https://solargis.com/}
}
@online{corr,
  title = {Correlation Matrix, Demystified},
  author = {Giuseppe Mastrandrea},
  year = {2022},
  url = {https://towardsdatascience.com/correlation-matrix-demystified-3ae3405c86c1}
}
@online{pps,
  title = {RIP correlation. Introducing the Predictive Power Score},
  author = {Florian Wetschoreck, Tobias Krabel, Surya Krishnamurthy.},
  year = {2020},
  url = {https://towardsdatascience.com/rip-correlation-introducing-the-predictive-power-score-3d90808b9598}
}
@inproceedings{pytorch,
author = {Paszke, Adam and Gross, Sam and Massa, Francisco and Lerer, Adam and Bradbury, James and Chanan, Gregory and Killeen, Trevor and Lin, Zeming and Gimelshein, Natalia and Antiga, Luca and Desmaison, Alban and Kopf, Andreas and Yang, Edward and DeVito, Zachary and Raison, Martin and Tejani, Alykhan and Chilamkurthy, Sasank and Steiner, Benoit and Fang, Lu and Bai, Junjie and Chintala, Soumith},
booktitle = {Advances in Neural Information Processing Systems 32},
editor = {Wallach, H. and Larochelle, H. and Beygelzimer, A. and d'Alché-Buc, F. and Fox, E. and Garnett, R.},
pages = {8024--8035},
publisher = {Curran Associates, Inc.},
title = {{PyTorch: An Imperative Style, High-Performance Deep Learning Library}},
url = {http://papers.neurips.cc/paper/9015-pytorch-an-imperative-style-high-performance-deep-learning-library.pdf},
year = {2019}
}
@misc{functions,
      title={Activation Functions in Deep Learning: A Comprehensive Survey and Benchmark}, 
      author={Shiv Ram Dubey and Satish Kumar Singh and Bidyut Baran Chaudhuri},
      year={2022},
      eprint={2109.14545},
      archivePrefix={arXiv},
      primaryClass={cs.LG}
}
@misc{batchnorm,
      title={Batch Normalization: Accelerating Deep Network Training by Reducing Internal Covariate Shift}, 
      author={Sergey Ioffe and Christian Szegedy},
      year={2015},
      eprint={1502.03167},
      archivePrefix={arXiv},
      primaryClass={cs.LG}
}
@online{es,
  title = {Introduction to Early Stopping: an effective tool to regularize neural nets},
  author = {Dr. Saptarsi Goswami},
  year = {2020},
  url = {https://towardsdatascience.com/early-stopping-a-cool-strategy-to-regularize-neural-networks-bfdeca6d722e}
}
@misc{adam,
      title={Adam: A Method for Stochastic Optimization}, 
      author={Diederik P. Kingma and Jimmy Ba},
      year={2017},
      eprint={1412.6980},
      archivePrefix={arXiv},
      primaryClass={cs.LG}
}
@misc{loss,
      title={A survey and taxonomy of loss functions in machine learning}, 
      author={Lorenzo Ciampiconi and Adam Elwood and Marco Leonardi and Ashraf Mohamed and Alessandro Rozza},
      year={2023},
      eprint={2301.05579},
      archivePrefix={arXiv},
      primaryClass={cs.LG}
}
@misc{metrics,
      title={Loss Functions and Metrics in Deep Learning}, 
      author={Juan Terven and Diana M. Cordova-Esparza and Alfonso Ramirez-Pedraza and Edgar A. Chavez-Urbiola},
      year={2023},
      eprint={2307.02694},
      archivePrefix={arXiv},
      primaryClass={cs.LG}
}